@inproceedings{al2013lucky,
	title={Lucky thirteen: Breaking the TLS and DTLS record protocols},
	author={Al Fardan, Nadhem J and Paterson, Kenneth G},
	booktitle={Security and Privacy (SP), 2013 IEEE Symposium on},
	pages={526--540},
	year={2013},
	organization={IEEE}
}
@techreport{AMD2018speculation,
	author = {Advanced Micro Devices Inc.},
	title = {Software Techniques for Managing Speculation on AMD Processors},
	year = {2018},
	note = {Available at https://developer.amd.com/wp-content/resources/Managing-Speculation-on-AMD-Processors.pdf}
}
@inproceedings{anderson1996tamper,
	title={Tamper resistance-a cautionary note},
	author={Anderson, Ross and Kuhn, Markus},
	booktitle={Proceedings of the second Usenix workshop on electronic commerce},
	volume={2},
	pages={1--11},
	year={1996}
}
@inproceedings{asonov2004keyboard,
	title={Keyboard acoustic emanations},
	author={Asonov, Dmitri and Agrawal, Rakesh},
	booktitle={Security and Privacy, 2004. Proceedings. 2004 IEEE Symposium on},
	pages={3--11},
	year={2004},
	organization={IEEE}
}
@article{aviram2012efficient,
	title={Efficient system-enforced deterministic parallelism},
	author={Aviram, Amittai and Weng, Shu-Chun and Hu, Sen and Ford, Bryan},
	journal={Communications of the ACM},
	volume={55},
	number={5},
	pages={111--119},
	year={2012},
	publisher={ACM}
}
@inproceedings{backes2010acoustic,
	title={Acoustic Side-Channel Attacks on Printers.},
	author={Backes, Michael and D{\"u}rmuth, Markus and Gerling, Sebastian and Pinkal, Manfred and Sporleder, Caroline},
	booktitle={USENIX Security symposium},
	pages={307--322},
	year={2010}
}
@article{bar2006sorcerer,
	title={The sorcerer's apprentice guide to fault attacks},
	author={Bar-El, Hagai and Choukri, Hamid and Naccache, David and Tunstall, Michael and Whelan, Claire},
	journal={Proceedings of the IEEE},
	volume={94},
	number={2},
	pages={370--382},
	year={2006},
	publisher={IEEE}
}
@book{bernatzky2011schmerzbehandlung,
	title={Schmerzbehandlung in der Palliativmedizin},
	author={Bernatzky, G{\"u}nther and Sittl, Reinhard and Likar, Rudolf},
	year={2011},
	publisher={Springer-Verlag}
}
@inproceedings{boneh1997importance,
	title={On the importance of checking cryptographic protocols for faults},
	author={Boneh, Dan and DeMillo, Richard A and Lipton, Richard J},
	booktitle={International conference on the theory and applications of cryptographic techniques},
	pages={37--51},
	year={1997},
	organization={Springer}
}
@misc{boscher2012randomized,
	title={Randomized RSA-based cryptographic exponentiation resistant to side channel and fault attacks},
	author={Boscher, Arnaud and Trichina, Elena Vasilievna and Handschuh, Helena},
	year={2012},
	month=mar # "~20",
	publisher={Google Patents},
	note={US Patent 8,139,763}
}
@article{brouchier2009temperature,
	title={Temperature attacks},
	author={Brouchier, Julien and Kean, Tom and Marsh, Carol and Naccache, David},
	journal={IEEE Security \& Privacy},
	volume={7},
	number={2},
	pages={79--82},
	year={2009},
	publisher={IEEE}
}
@article{brouchier2009thermocommunication,
	title={Thermocommunication.},
	author={Brouchier, Julien and Dabbous, Nora and Kean, Tom and Marsh, Carol and Naccache, David},
	journal={IACR Cryptology ePrint Archive},
	volume={2009},
	pages={2},
	year={2009}
}
@inproceedings{bulck2018foreshadow,
	author    = {Jo Van Bulck et al},
	title     = {Foreshadow: Extracting the Keys to the Intel {SGX} Kingdom with Transient
	Out-of-Order Execution},
	booktitle = {27th {USENIX} Security Symposium, {USENIX} Security 2018, Baltimore,
	MD, USA, August 15-17, 2018.},
	pages     = {991-1008},
	year      = {2018}
}
@phdthesis{canteaut2006understanding,
	title={Understanding cache attacks},
	author={Canteaut, Anne and Lauradoux, Cedric and Seznec, Andre},
	year={2006},
	school={INRIA}
}
@inproceedings{chaum1983blind,
	title={Blind signatures for untraceable payments},
	author={Chaum, David},
	booktitle={Advances in cryptology},
	pages={199--203},
	year={1983},
	organization={Springer}
}
@inproceedings{cock2014last,
	title={The last mile: An empirical study of timing channels on seL4},
	author={Cock, David and Ge, Qian and Murray, Toby and Heiser, Gernot},
	booktitle={Proceedings of the 2014 ACM SIGSAC Conference on Computer and Communications Security},
	pages={570--581},
	year={2014},
	organization={ACM}
}
@article{denning1976lattice,
	title={A lattice model of secure information flow},
	author={Denning, Dorothy E},
	journal={Communications of the ACM},
	volume={19},
	number={5},
	pages={236--243},
	year={1976},
	publisher={ACM}
}
@book{dispenseCS,
	title={Note per il corso di CODICI E SICUREZZA},
	author={Michele Boreale},
	year={2013}
}
@article{elgamal1985public,
	title={A public key cryptosystem and a signature scheme based on discrete logarithms},
	author={ElGamal, Taher},
	journal={IEEE transactions on information theory},
	volume={31},
	number={4},
	pages={469--472},
	year={1985},
	publisher={IEEE}
}
@article{ferrigno2008aes,
	title={When AES blinks: introducing optical side channel},
	author={Ferrigno, Julie and Hlav{\'a}{\v{c}}, M},
	journal={IET Information Security},
	volume={2},
	number={3},
	pages={94--98},
	year={2008},
	publisher={IET}
}
@inproceedings{fuhr2013fault,
	title={Fault attacks on AES with faulty ciphertexts only},
	author={Fuhr, Thomas and Jaulmes, Eliane and Lomn{\'e}, Victor and Thillard, Adrian},
	booktitle={Fault Diagnosis and Tolerance in Cryptography (FDTC), 2013 Workshop on},
	pages={108--118},
	year={2013},
	organization={IEEE}
}
@inproceedings{ghalaty2014differential,
	title={Differential fault intensity analysis},
	author={Ghalaty, Nahid Farhady and Yuce, Bilgiday and Taha, Mostafa and Schaumont, Patrick},
	booktitle={Fault Diagnosis and Tolerance in Cryptography (FDTC), 2014 Workshop on},
	pages={49--58},
	year={2014},
	organization={IEEE}
}
@article{ge2016survey,
	title={A survey of microarchitectural timing attacks and countermeasures on contemporary hardware},
	author={Ge, Qian and Yarom, Yuval and Cock, David and Heiser, Gernot},
	journal={Journal of Cryptographic Engineering},
	pages={1--27},
	year={2016},
	publisher={Springer}
}
@inproceedings{genkin2014rsa,
	title={RSA key extraction via low-bandwidth acoustic cryptanalysis},
	author={Genkin, Daniel and Shamir, Adi and Tromer, Eran},
	booktitle={International Cryptology Conference},
	pages={444--461},
	year={2014},
	organization={Springer}
}
@article{genkin2018drive,
	title={Drive-by Key-Extraction Cache Attacks from Portable Code},
	author={Genkin, Daniel and Pachmanov, Lev and Tromer, Eran and Yarom, Yuval},
	year={2018}
}
@misc{gilmore1998cracking,
	title={Cracking DES: Secrets of Encryption Research, Wiretap Politics \& Chip Design},
	author={Gilmore, John},
	year={1998},
	publisher={O’Reilly, July}
}
@inproceedings{giraud2004dfa,
	title={Dfa on aes},
	author={Giraud, Christophe},
	booktitle={International Conference on Advanced Encryption Standard},
	pages={27--41},
	year={2004},
	organization={Springer}
}
@inproceedings{gruss2015cache,
	title={Cache Template Attacks: Automating Attacks on Inclusive Last-Level Caches.},
	author={Gruss, Daniel and Spreitzer, Raphael and Mangard, Stefan},
	booktitle={USENIX Security Symposium},
	pages={897--912},
	year={2015}
}
@inproceedings{gruss2016flush+,
	title={Flush+ Flush: a fast and stealthy cache attack},
	author={Gruss, Daniel and Maurice, Cl{\'e}mentine and Wagner, Klaus and Mangard, Stefan},
	booktitle={International Conference on Detection of Intrusions and Malware, and Vulnerability Assessment},
	pages={279--299},
	year={2016},
	organization={Springer}
}
@book{hennessy2011computer,
	title={Computer architecture: a quantitative approach},
	author={Hennessy, John L and Patterson, David A},
	year={2011},
	publisher={Elsevier}
}
@article{herndon1990electromagnetic,
	title={Electromagnetic Pulse (EMP) and tempest protection for facilities},
	author={Herndon, RL},
	journal={DC: Army Corps of Engineers Publication Department},
	year={1990}
}
@article{hu1992reducing,
	title={Reducing timing channels with fuzzy time},
	author={Hu, Wei-Ming},
	journal={Journal of computer security},
	volume={1},
	number={3-4},
	pages={233--254},
	year={1992},
	publisher={IOS Press}
}
@article{intel64and,
	title={and IA-32 architectures software developer’s manual},
	author={Intel, Intel},
	journal={Volume 3A: System Programming Guide, Part},
	volume={1},
	number={64},
	pages={64},
	year={64}
}
@techreport{intel2018speculative,
	author = {Intel Corp.},
	title = {Intel Analysis of Speculative Execution Side-Channels.},
	year = {2018},
	note = {Available at https://newsroom.intel.com/wp-content/uploads/sites/11/2018/01/Intel-Analysis-of-Speculative-Execution-Side-Channels.pdf}
}
@inproceedings{karri2001fault,
	title={Fault-based side-channel cryptanalysis tolerant Rijndael symmetric block cipher architecture},
	author={Karri, Ramesh and Wu, Kaijie and Mishra, Piyush and Kim, Yongkook},
	booktitle={Defect and Fault Tolerance in VLSI Systems, 2001. Proceedings. 2001 IEEE International Symposium on},
	pages={427--435},
	year={2001},
	organization={IEEE}
}
@article{koblitz1987elliptic,
	title={Elliptic curve cryptosystems},
	author={Koblitz, Neal},
	journal={Mathematics of computation},
	volume={48},
	number={177},
	pages={203--209},
	year={1987}
}
@inproceedings{kocher1996timing,
	title={Timing attacks on implementations of Diffie-Hellman, RSA, DSS, and other systems},
	author={Kocher, Paul C},
	booktitle={Annual International Cryptology Conference},
	pages={104--113},
	year={1996},
	organization={Springer}
}
@article{kocher2011introduction,
	title={Introduction to differential power analysis},
	author={Kocher, Paul and Jaffe, Joshua and Jun, Benjamin and Rohatgi, Pankaj},
	journal={Journal of Cryptographic Engineering},
	volume={1},
	number={1},
	pages={5--27},
	year={2011},
	publisher={Springer}
}
@article{kocher2018spectre,
	title={Spectre Attacks: Exploiting Speculative Execution},
	author={Kocher, Paul and Genkin, Daniel and Gruss, Daniel and Haas, Werner and Hamburg, Mike and Lipp, Moritz and Mangard, Stefan and Prescher, Thomas and Schwarz, Michael and Yarom, Yuval},
	journal={arXiv preprint arXiv:1801.01203},
	year={2018}
}
@misc{kocher2018mitigation,
	title={Spectre Mitigations in Microsoft’s C/C++ Compiler},
	author={Kocher, Paul},
	year={2018}
}
@misc{kravitz1993digital,
	title={Digital signature algorithm},
	author={Kravitz, David W},
	year={1993},
	month=jul # "~27",
	publisher={Google Patents},
	note={US Patent 5,231,668}
}
@article{kuhn2006eavesdropping,
	title={Eavesdropping attacks on computer displays},
	author={Kuhn, Markus G},
	journal={Information Security Summit},
	pages={24--25},
	year={2006}
}
@inproceedings{kumar2006breaking,
	title={Breaking ciphers with COPACOBANA--a cost-optimized parallel code breaker},
	author={Kumar, Sandeep and Paar, Christof and Pelzl, Jan and Pfeiffer, Gerd and Schimmler, Manfred},
	booktitle={International Workshop on Cryptographic Hardware and Embedded Systems},
	pages={101--118},
	year={2006},
	organization={Springer}
}
@article{latham1986department,
	title={Department of defense trusted computer system evaluation criteria},
	author={Latham, Donald C},
	journal={Department of Defense},
	year={1986}
}
@inproceedings{li2010fault,
	title={Fault sensitivity analysis},
	author={Li, Yang and Sakiyama, Kazuo and Gomisawa, Shigeto and Fukunaga, Toshinori and Takahashi, Junko and Ohta, Kazuo},
	booktitle={International Workshop on Cryptographic Hardware and Embedded Systems},
	pages={320--334},
	year={2010},
	organization={Springer}
}
@incollection{li2014yet,
	title={Yet another fault-based leakage in non-uniform faulty ciphertexts},
	author={Li, Yang and Hayashi, Yu-Ichi and Matsubara, Arisa and Homma, Naofumi and Aoki, Takafumi and Ohta, Kazuo and Sakiyama, Kazuo},
	booktitle={Foundations and Practice of Security},
	pages={272--287},
	year={2014},
	publisher={Springer}
}
@inproceedings{lipp2016armageddon,
	title={ARMageddon: Cache Attacks on Mobile Devices.},
	author={Lipp, Moritz and Gruss, Daniel and Spreitzer, Raphael and Maurice, Cl{\'e}mentine and Mangard, Stefan},
	booktitle={USENIX Security Symposium},
	pages={549--564},
	year={2016}
}
@inproceedings{mangard2002simple,
	title={A simple power-analysis (SPA) attack on implementations of the AES key expansion},
	author={Mangard, Stefan},
	booktitle={International Conference on Information Security and Cryptology},
	pages={343--358},
	year={2002},
	organization={Springer}
}
@article{martinasek2012simple,
	title={Simple electromagnetic analysis in cryptography},
	author={Martinasek, Zdenek and Zeman, Vaclav and Trasy, Krisztina},
	journal={International Journal of Advances in Telecommunications, Electrotechnics, Signals and Systems},
	volume={1},
	number={1},
	pages={13--19},
	year={2012}
}
@inproceedings{miller1985use,
	title={Use of elliptic curves in cryptography},
	author={Miller, Victor S},
	booktitle={Conference on the theory and application of cryptographic techniques},
	pages={417--426},
	year={1985},
	organization={Springer}
}
@article{montgomery1985modular,
	title={Modular multiplication without trial division},
	author={Montgomery, Peter L},
	journal={Mathematics of computation},
	volume={44},
	number={170},
	pages={519--521},
	year={1985}
}
@inproceedings{murdoch2006hot,
	title={Hot or not: Revealing hidden services by their clock skew},
	author={Murdoch, Steven J},
	booktitle={Proceedings of the 13th ACM conference on Computer and communications security},
	pages={27--36},
	year={2006},
	organization={ACM}
}
@inproceedings{osvik2006cache,
	title={Cache attacks and countermeasures: the case of AES},
	author={Osvik, Dag Arne and Shamir, Adi and Tromer, Eran},
	booktitle={Cryptographers’ Track at the RSA Conference},
	pages={1--20},
	year={2006},
	organization={Springer}
}
@misc{patranabis2018fault,
	title={Fault Tolerant Architectures for Cryptography and Hardware Security},
	author={Patranabis, Sikhar and Mukhopadhyay, Debdeep},
	year={2018},
	publisher={Springer}
}
@misc{percival2005cache,
	title={Cache missing for fun and profit},
	author={Percival, Colin},
	year={2005},
	publisher={BSDCan}
}
@article{pub2001197,
	title={197: Advanced encryption standard (AES)},
	author={Pub, NIST FIPS},
	journal={Federal information processing standards publication},
	volume={197},
	number={441},
	pages={0311},
	year={2001}
}
@article{rivest1978method,
	title={A method for obtaining digital signatures and public-key cryptosystems},
	author={Rivest, Ronald L and Shamir, Adi and Adleman, Leonard},
	journal={Communications of the ACM},
	volume={21},
	number={2},
	pages={120--126},
	year={1978},
	publisher={ACM}
}
@inproceedings{robisson2007differential,
	title={Differential behavioral analysis},
	author={Robisson, Bruno and Manet, Pascal},
	booktitle={International Workshop on Cryptographic Hardware and Embedded Systems},
	pages={413--426},
	year={2007},
	organization={Springer}
}
@misc{schwabe2016counter,
	title={Timing Attacks and Countermeasures},
	author={Schwabe, Peter},
	year={2016},
	howpublished = {\url{https://summerschool-croatia.cs.ru.nl/2016/slides/PeterSchwabe.pdf}},
	note = {Slides from "summer school on real-world crypto and privacy"}
}
@inproceedings{shamir2000protecting,
	title={Protecting smart cards from passive power analysis with detached power supplies},
	author={Shamir, Adi},
	booktitle={International Workshop on Cryptographic Hardware and Embedded Systems},
	pages={71--77},
	year={2000},
	organization={Springer}
}
@techreport{skorobogatov2002low,
	title={Low temperature data remanence in static RAM},
	author={Skorobogatov, Sergei},
	year={2002},
	institution={University of Cambridge, Computer Laboratory}
}
@book{stallings2012computer,
	title={Computer security: principles and practice},
	author={Stallings, William and Brown, Lawrie and Bauer, Michael D and Bhattacharjee, Arup Kumar},
	year={2012},
	publisher={Pearson Education}
}
@incollection{standaert2010introduction,
	title={Introduction to side-channel attacks},
	author={Standaert, Fran{\c{c}}ois-Xavier},
	booktitle={Secure Integrated Circuits and Systems},
	pages={27--42},
	year={2010},
	publisher={Springer}
}
@article{standard2001announcing,
	title={Announcing the advanced encryption standard (AES)},
	author={Standard, NIST-FIPS},
	journal={Federal Information Processing Standards Publication},
	volume={197},
	pages={1--51},
	year={2001}
}
@inproceedings{tiri2002dynamic,
	title={A dynamic and differential CMOS logic with signal independent power consumption to withstand differential power analysis on smart cards},
	author={Tiri, Kris and Akmal, Moonmoon and Verbauwhede, Ingrid},
	booktitle={Solid-State Circuits Conference, 2002. ESSCIRC 2002. Proceedings of the 28th European},
	pages={403--406},
	year={2002},
	organization={IEEE}
}
@article{tromer2010efficient,
	title={Efficient cache attacks on AES, and countermeasures},
	author={Tromer, Eran and Osvik, Dag Arne and Shamir, Adi},
	journal={Journal of Cryptology},
	volume={23},
	number={1},
	pages={37--71},
	year={2010},
	publisher={Springer}
}
@article{tsang2000picosecond,
	title={Picosecond imaging circuit analysis},
	author={Tsang, James C and Kash, Jeffrey A and Vallett, David P},
	journal={IBM Journal of Research and Development},
	volume={44},
	number={4},
	pages={583--603},
	year={2000},
	publisher={IBM}
}
@inproceedings{tunstall2011differential,
	title={Differential fault analysis of the advanced encryption standard using a single fault},
	author={Tunstall, Michael and Mukhopadhyay, Debdeep and Ali, Subidh},
	booktitle={IFIP International Workshop on Information Security Theory and Practices},
	pages={224--233},
	year={2011},
	organization={Springer}
}
@inproceedings{tuyls2006read,
	title={Read-proof hardware from protective coatings},
	author={Tuyls, Pim and Schrijen, Geert-Jan and {\v{S}}kori{\'c}, Boris and Van Geloven, Jan and Verhaegh, Nynke and Wolters, Rob},
	booktitle={International Workshop on Cryptographic Hardware and Embedded Systems},
	pages={369--383},
	year={2006},
	organization={Springer}
}
@article{van1985electromagn,
	title={Electromagnetic radiation from video display units: An eavesdropping risk?},
	author={Van Eck, Wim},
	journal={Computers \& Security},
	volume={4},
	number={4},
	pages={269--286},
	year={1985},
	publisher={Elsevier}
}
@inproceedings{varadarajan2014scheduler,
	title={Scheduler-based Defenses against Cross-VM Side-channels.},
	author={Varadarajan, Venkatanathan and Ristenpart, Thomas and Swift, Michael M},
	booktitle={USENIX Security Symposium},
	pages={687--702},
	year={2014}
}
@techreport{vig1992introduction,
	title={Introduction to Quartz Frequency Standards. Revision},
	author={Vig, John R},
	year={1992},
	institution={ARMY LAB COMMAND FORT MONMOUTH NJ ELECTRONICS TECHNOLOGY AND DEVICES LAB}
}
@inproceedings{vuagnoux2009compromising,
	title={Compromising Electromagnetic Emanations of Wired and Wireless Keyboards.},
	author={Vuagnoux, Martin and Pasini, Sylvain},
	booktitle={USENIX security symposium},
	pages={1--16},
	year={2009}
}
@inproceedings{wang2007new,
	title={New cache designs for thwarting software cache-based side channel attacks},
	author={Wang, Zhenghong and Lee, Ruby B},
	booktitle={ACM SIGARCH Computer Architecture News},
	volume={35},
	pages={494--505},
	year={2007},
	organization={ACM}
}
@book{wright1987spycatcher,
	title={Spycatcher},
	author={Wright, Peter},
	journal={New York},
	year={1987}
}
@inproceedings{yarom2014flush+,
	title={FLUSH+RELOAD: A High Resolution, Low Noise, L3 Cache Side-Channel Attack.},
	author={Yarom, Yuval and Falkner, Katrina},
	booktitle={USENIX Security Symposium},
	pages={719--732},
	year={2014}
}
@inproceedings{zhang2013duppel,
	title={D{\"u}ppel: retrofitting commodity operating systems to mitigate cache side channels in the cloud},
	author={Zhang, Yinqian and Reiter, Michael K},
	booktitle={Proceedings of the 2013 ACM SIGSAC conference on Computer \& communications security},
	pages={827--838},
	year={2013},
	organization={ACM}
}
@article{zhou2018efficient,
	title={Efficient flush-reload cache attack on scalar multiplication based signature algorithm},
	author={Zhou, Ping and Wang, Tao and Lou, Xiaoxuan and Zhao, Xinjie and Zhang, Fan and Guo, Shize},
	journal={Science China Information Sciences},
	volume={61},
	number={3},
	pages={039102},
	year={2018},
	publisher={Springer}
}